

@article{PN_constr,
Abstract = {Polska Norma dotycząca profili konstrukcyjnych i śrub montażowych },
Author = {Carl E. Wieman and Leo Hollberg},
Journal = {Review of Scientific Instruments},
Keywords = {Diode Laser},
Month = {1},
Number = {1},
Numpages = {20},
Pages = {1--20},
Title = {DIN 186 / DIN 188 PN 82418},
Volume = {62},
Url = {http://link.aip.org/link/?RSI/62/1/1},
Year = {1991}}

@article{belkowy_sensor,
Abstract = {Rozprawa doktorska o nieliniowości przetworników belkowych PVDF},
Author = {Pelic, Marcin Tadeusz},
Journal = {Review of Scientific Instruments},
Keywords = {piezoelektryk},
Month = {1},
Number = {1},
Numpages = {20},
Pages = {1--20},
Title = { Badanie nieliniowości belkowego przetwornika piezoelektrycznego },
Volume = {62},
Url = {http://repozytorium.put.poznan.pl/dlibra/aresults?action=SearchAction&QI=C37B52B6BED5162618D0793A670AB340-3},
Year = {2013}}

@article{To_Do,
  author="R. Nowak and M. Pietrzakowski",
  title = "Wpływ położenia i kształtu elementu piezoelektrycznego na pozyskiwaną energię elektryczną",
  journal = "Symulacja w Badaniach i Rozwoju",
  volume = "Vol. 3, nr 3",
  year = "2012",
  pages = "131--140",
}

@article{pvdf_exp,
Author = {Antoni Sarzyński},
Journal = {Inżynieria Materiałowa},
Number = {3},
Title = {Zastosowanie piezoelektrycznych czujników PVDF do rejestracji czasowego profilu ciśnienia fal uderzeniowych},
Url = {http://www.sigma-not.pl/publikacja-59798-pomiar-ci%C5%9Bnienia-fal-uderzeniowych-w-eksperymentach-laserowego-umacniania-udarowego-inzynieria-materialowa-2011-3.html},
Year = {2011}}

@electronic{piezo_wiki,
Url = {https://pl.wikipedia.org/wiki/Piezoelektryk},
Month = {12},
Year = {2018}
}

@article{prop,
Url = {www.ktech.com/research_development/applied_physics/The piezoelectric properties of PVDF.pdf},
}

@article{nasa,
Author = {J. S. Harrison, Z. Ounaies},
Journal = {Piezoelectric Polymers, NASA Report},
Month = {10},
Title = {Piezoelectric Polymers },
Url = {http://www.teccenter.org/ electroactive_polymers/assets/pdfs/piezo polymers/icase_piezo.pdf},
Year = {2001}}

@article{shock,
Author = {F. Bauer},
Journal = {IEEE Transactionson Ultrasonics, Ferroelectrics, and Frequency Control},
Number = {6},
Numpages = {8},
Pages = {1448--1454},
Title = {PVDF Shock Sensors},
Volume = {47},
Year = {2000}}

@misc{g2018,
Author = {L. Gierz},
Title = {Badanie toru lotu ziarna w rolniczym siewniku rzędowym},
Note = {Badania prowadzone równolegle w ramach jednego projektu}}
